@book{1,
	author = {Roshan, Pejman and Leary, Jonathan},
	title = {802.11 Wireless LAN Fundamentals},
	year = {2010},
	isbn = {1587142244}
}

@book{2,
	author = {Hanmer, Robert},
	title = {Pattern-Oriented Software Architecture For Dummies},
	year = {2013},
	isbn = {1119963990},
	publisher = {For Dummies},
	edition = {1st}
}


@book{ansible,
	author = {Geerling, Jeff},
	title= {Ansible for DevOps: Server and configuration management for humans},
	year = {2015},
	isbn = {098639341X},
}

@book{mongodb,
	author = {Kristina Chodorow, Eoin Brazil, Shannon Bradshaw},
	title = {MongoDB: The Definitive Guide},
	date = {19 December},
	isbn = {9781491954454},
	edition = {3rd},
	publisher = {O'Reilly Media, Inc.},
}

@online{rabbitmq,
	title = {RabbitMQ Online Documentation},
	date = {17.03.2020},
	url = {https://www.rabbitmq.com/documentation.html},
}


@online{celery,
	title = {Celery Online Documentation},
	date = {17.03.2020},
	url = {https://docs.celeryproject.org/en/latest/index.html},
}


@online{nginx,
	title = {nginx Online Documentation},
	date = {17.03.2020},
	url = {https://nginx.org/en/},
}


@online{nodejs,
	title = {NodeJS Online Documentation},
	date = {17.03.2020},
	url = {https://nodejs.org/en/},
}



@online{python,
	title = {Python Online Documentation},
	date = {17.03.2020},
	url = {https://www.python.org/doc/},
}


@online{intel-vt,
	title = {Intel Virtualization Technology},
	date = {17.03.2020},
	url = {https://www.intel.com/content/www/us/en/virtualization/virtualization-technology/intel-virtualization-technology.html}
}


@online{amd-v,
	title = {AMD-V},
	date = {17.03.2020},
	url = {https://www.amd.com/en/technologies/virtualization}
}